%An article from a magazine or a journal
@report{lm6ds3,
    author ={STMicroelectronics},
    title ={LM6DS3: iNEMO inertial module: always-on 3D accelerometer and 3D gyroscope},
    year ={2017},
    url ={https://www.st.com/resource/en/datasheet/lsm6ds3.pdf},
}
